<?xml version="1.0" encoding="UTF-8"?><collection xmlns="http://www.loc.gov/MARC21/slim"><record><leader>00549nam--2200181-i-4500</leader><controlfield tag="001">000029252</controlfield><controlfield tag="002">20161230</controlfield><controlfield tag="005">20161230201037</controlfield><controlfield tag="008">060222s1000------------r-----000-0-ger-d</controlfield><datafield ind1=" " ind2=" " tag="040"><subfield code="a">IFIN-HH</subfield></datafield><datafield ind1=" " ind2=" " tag="041"><subfield code="a">ger</subfield></datafield><datafield ind1=" " ind2=" " tag="080"><subfield code="a">535.215(043)</subfield></datafield><datafield ind1="1" ind2=" " tag="100"><subfield code="a">Lewerenz, Hans-joachim</subfield></datafield><datafield ind1="1" ind2="0" tag="245"><subfield code="a">Polarisations - und symmetrieeffekte in der photoemission: untersuchungen an metall-einkristall-elektroden</subfield><subfield code="b">Dissertation</subfield><subfield code="c">Hans-joachim lewerenz</subfield></datafield><datafield ind1=" " ind2=" " tag="260"><subfield code="a">Berlin</subfield><subfield code="b">Universitat</subfield><subfield code="c">1978</subfield></datafield><datafield ind1=" " ind2=" " tag="300"><subfield code="a">188P</subfield></datafield><datafield ind1=" " ind2=" " tag="852"><subfield code="a">46990</subfield><subfield code="c">535</subfield></datafield><datafield ind1=" " ind2=" " tag="CAT"><subfield code="a">Sys</subfield><subfield code="c">20110125</subfield><subfield code="h">134908</subfield></datafield></record></collection>